<record><leader>00000cas a22000007a 4500</leader><controlfield tag="001">11470641</controlfield><controlfield tag="008">841208d18461847ohuir ne      0    0eng d</controlfield><datafield ind1=" " ind2=" " tag="010"><subfield code="a">sn 84028827 </subfield></datafield><datafield ind1=" " ind2=" " tag="040"><subfield code="a">NPY</subfield><subfield code="b">eng</subfield><subfield code="c">NPY</subfield><subfield code="d">ONP</subfield><subfield code="d">CRL</subfield><subfield code="d">OCLCQ</subfield><subfield code="d">OCLCF</subfield></datafield><datafield ind1="1" ind2=" " tag="029"><subfield code="a">AU@</subfield><subfield code="b">000025799284</subfield></datafield><datafield ind1=" " ind2=" " tag="042"><subfield code="a">msc</subfield></datafield><datafield ind1=" " ind2=" " tag="043"><subfield code="a">n-us-oh</subfield></datafield><datafield ind1="0" ind2=" " tag="130"><subfield code="a">Tri-weekly courier (Zanesville, Ohio)</subfield></datafield><datafield ind1="1" ind2="4" tag="245"><subfield code="a">The Tri-weekly courier.</subfield></datafield><datafield ind1=" " ind2=" " tag="260"><subfield code="a">Zanesville [Ohio] :</subfield><subfield code="b">D.H. Lyman,</subfield><subfield code="c">1846-1847.</subfield></datafield><datafield ind1=" " ind2=" " tag="300"><subfield code="a">2 v. ;</subfield><subfield code="c">51 cm.</subfield></datafield><datafield ind1=" " ind2=" " tag="310"><subfield code="a">Three times a week</subfield></datafield><datafield ind1="0" ind2=" " tag="362"><subfield code="a">Vol. 1, no. 1 (Mar. 31, 1846)-v. 2, no. 48 (July 17, 1847).</subfield></datafield><datafield ind1=" " ind2=" " tag="500"><subfield code="a">"A zealous, untiring and efficient advocate of Whig principles and Whig measures."</subfield></datafield><datafield ind1=" " ind2=" " tag="530"><subfield code="a">Also issued on microfilm from Ohio Historical Society.</subfield></datafield><datafield ind1=" " ind2="0" tag="651"><subfield code="a">Zanesville (Ohio)</subfield><subfield code="v">Newspapers.</subfield></datafield><datafield ind1=" " ind2="0" tag="651"><subfield code="a">Muskingum County (Ohio)</subfield><subfield code="v">Newspapers.</subfield></datafield><datafield ind1=" " ind2="7" tag="655"><subfield code="a">Newspapers.</subfield><subfield code="2">fast</subfield><subfield code="0">(OCoLC)fst01423814</subfield></datafield><datafield ind1=" " ind2="7" tag="651"><subfield code="a">Ohio</subfield><subfield code="z">Muskingum County.</subfield><subfield code="2">fast</subfield><subfield code="0">(OCoLC)fst01209592</subfield></datafield><datafield ind1=" " ind2="7" tag="651"><subfield code="a">Ohio</subfield><subfield code="z">Zanesville.</subfield><subfield code="2">fast</subfield><subfield code="0">(OCoLC)fst01225925</subfield></datafield><datafield ind1="1" ind2=" " tag="700"><subfield code="a">Lyman, David H.</subfield></datafield><datafield ind1=" " ind2=" " tag="752"><subfield code="a">United States</subfield><subfield code="b">Ohio</subfield><subfield code="c">Muskingum</subfield><subfield code="d">Zanesville.</subfield></datafield><datafield ind1="0" ind2=" " tag="775"><subfield code="t">Zanesville weekly courier</subfield><subfield code="w">(DLC)sn 88078213</subfield><subfield code="w">(OCoLC)17358885</subfield></datafield><datafield ind1="0" ind2="0" tag="785"><subfield code="t">Zanesville courier (Zanesville, Ohio : 1847 : Triweekly)</subfield><subfield code="w">(DLC)sn 84028828</subfield><subfield code="w">(OCoLC)11470651</subfield></datafield></record>